@article{wang2018devil,
	title={The Devil of Face Recognition is in the Noise},
	author={Wang, Fei and Chen, Liren and Li, Cheng and Huang, Shiyao and Chen, Yanjie and Qian, Chen and Loy, Chen Change},
	journal={ECCV},
	year={2018}
}

  
  @article{carliniw,
  author    = {Nicholas Carlini and
               David A. Wagner},
  title     = {Towards Evaluating the Robustness of Neural Networks},
  journal   = {IEEE Symposium on Security and Privacy},
  year      = {2017},
}

@article{safetynet,
  author    = {Jiajun Lu and
               Theerasit Issaranon and
               David A. Forsyth},
  title     = {SafetyNet: Detecting and Rejecting Adversarial Examples Robustly},
  journal   = {Proceedings of the IEEE International Conference on Computer Vision},
  year      = {2017},
 
}

@article{defensegan,
  author    = {Pouya Samangouei and
               Maya Kabkab and
               Rama Chellappa},
  title     = {Defense-GAN: Protecting Classifiers Against Adversarial Attacks Using
               Generative Models},
  journal   = {ICLR},
  year      = {2018},

}

@article{1pixel,
  author    = {Jiawei Su and
               Danilo Vasconcellos Vargas and
               Kouichi Sakurai},
  title     = {One pixel attack for fooling deep neural networks},
  journal   = {IEEE Transactions on Evolutionary Computation},
  year      = {2019},
}

@article{defensivedistillation,
  author    = {Nicolas Papernot and
               Patrick D. McDaniel and
               Xi Wu and
               Somesh Jha and
               Ananthram Swami},
  title     = {Distillation as a Defense to Adversarial Perturbations against Deep
               Neural Networks},
  journal   = {IEEE Symposium on Security and Privacy},
  year      = {2016},
}

@article{fgsm,
  author    = {Ian J. Goodfellow and Jonathon Shlens and Christian Szegedy},
  title     = {Explaining and Harnessing Adversarial Examples},
  journal   = {ICLR},
  year      = {2015},
}
}

@article{ rifle,
    author = "Matthew Cox",
    title = "Armyâ€™s Next Infantry Weapon Could Have Facial-Recognition Technology",
    year = "2019",
    journal="Military.com",
    note = "[Online; accessed 10-October-2019]"
  }
 
 
 
 @article{painmed,
    author = "Clarice Smith",
    title = "Facial Recognition Enters into Healthcare",
    year = "2018",
    journal="Journal of AHIMA",
    note = "[Online; accessed 10-October-2019]"
  }
  
  @article{simonyan2015very,
    author="Karen Simonyan and Andrew Zisserman",
    title="Very Deep Convolutional Networks for Large-Scale Image Recognition",
    year="2015",
    journal="arXiv preprint arXiv:1409.1556",
  }
 

@article{survey,
  author    = {Mei Wang and
               Weihong Deng},
  title     = {Deep Face Recognition: {A} Survey},
  year      = {2018},
  journal={arXiv preprint 1804.06655}
}
